@inproceedings{collier2018implementing,
  title={Implementing neural turing machines},
  author={Collier, Mark and Beel, Joeran},
  booktitle={International Conference on Artificial Neural Networks},
  pages={94--104},
  year={2018},
  organization={Springer}
}